<?xml version="1.0" encoding="UTF-8"?>
<marc:record xmlns:marc="http://www.loc.gov/MARC21/slim" xmlns:xsi="http://www.w3.org/2001/XMLSchema-instance" xsi:schemaLocation="http://www.loc.gov/standards/marcxml/schema/MARC21slim.xsd">
  <marc:leader>00000ndd a2200000 u 4500</marc:leader>
  <marc:controlfield tag="001">300258013</marc:controlfield>
  <marc:controlfield tag="003">DE-633</marc:controlfield>
  <marc:controlfield tag="005">20220228135100.0</marc:controlfield>
  <marc:controlfield tag="008">110503##################################</marc:controlfield>
  <marc:datafield tag="031" ind1=" " ind2=" ">
    <marc:subfield code="a">1</marc:subfield>
    <marc:subfield code="b">1</marc:subfield>
    <marc:subfield code="c">1</marc:subfield>
    <marc:subfield code="g">C-2</marc:subfield>
    <marc:subfield code="m">S</marc:subfield>
    <marc:subfield code="n">bB</marc:subfield>
    <marc:subfield code="o">c/</marc:subfield>
    <marc:subfield code="p">1'DE2FDC1D2C,B2.'C4,A1'D2C,B2.'D4C1C,2B'1C</marc:subfield>
    <marc:subfield code="t">Vos qui secuti, estis me</marc:subfield>
    <marc:subfield code="2">pe</marc:subfield>
  </marc:datafield>
  <marc:datafield tag="031" ind1=" " ind2=" ">
    <marc:subfield code="a">1</marc:subfield>
    <marc:subfield code="b">1</marc:subfield>
    <marc:subfield code="c">2</marc:subfield>
    <marc:subfield code="g">C-4</marc:subfield>
    <marc:subfield code="m">A</marc:subfield>
    <marc:subfield code="n">bB</marc:subfield>
    <marc:subfield code="o">c/</marc:subfield>
    <marc:subfield code="p">1,AAAA2DABG1A2B1A2G1AG</marc:subfield>
    <marc:subfield code="t">Vos qui secuti, estis me</marc:subfield>
    <marc:subfield code="2">pe</marc:subfield>
  </marc:datafield>
  <marc:datafield tag="031" ind1=" " ind2=" ">
    <marc:subfield code="a">1</marc:subfield>
    <marc:subfield code="b">1</marc:subfield>
    <marc:subfield code="c">3</marc:subfield>
    <marc:subfield code="g">C-4</marc:subfield>
    <marc:subfield code="m">T</marc:subfield>
    <marc:subfield code="o">c/</marc:subfield>
    <marc:subfield code="p">,1DCDFFGFEDFDC</marc:subfield>
    <marc:subfield code="q">[pl-text: W księdze Tenor klucz wyblakły i jego dokładne umiejscowienie niewidoczne.]</marc:subfield>
    <marc:subfield code="t">Vos qui secuti, estis me</marc:subfield>
    <marc:subfield code="2">pe</marc:subfield>
  </marc:datafield>
  <marc:datafield tag="031" ind1=" " ind2=" ">
    <marc:subfield code="a">1</marc:subfield>
    <marc:subfield code="b">1</marc:subfield>
    <marc:subfield code="c">4</marc:subfield>
    <marc:subfield code="g">F-3</marc:subfield>
    <marc:subfield code="m">B</marc:subfield>
    <marc:subfield code="o">c/</marc:subfield>
    <marc:subfield code="p">1,FC2F2.A4GFE2DC,,B,E,,A</marc:subfield>
    <marc:subfield code="t">Vos qui secuti, estis me</marc:subfield>
    <marc:subfield code="2">pe</marc:subfield>
  </marc:datafield>
  <marc:datafield tag="040" ind1=" " ind2=" ">
    <marc:subfield code="a">DE-633</marc:subfield>
  </marc:datafield>
  <marc:datafield tag="041" ind1="0" ind2=" ">
    <marc:subfield code="a">lat</marc:subfield>
  </marc:datafield>
  <marc:datafield tag="100" ind1="1" ind2=" ">
    <marc:subfield code="a">Anonymus</marc:subfield>
    <marc:subfield code="0">pe30004985</marc:subfield>
  </marc:datafield>
  <marc:datafield tag="240" ind1="1" ind2="0">
    <marc:subfield code="a">Vos qui secuti</marc:subfield>
    <marc:subfield code="m">V (4)</marc:subfield>
    <marc:subfield code="0">3938520</marc:subfield>
  </marc:datafield>
  <marc:datafield tag="245" ind1="1" ind2="0">
    <marc:subfield code="a">[caption title in Cantus, Altus, Tenor:] Co[mmun]io</marc:subfield>
  </marc:datafield>
  <marc:datafield tag="260" ind1=" " ind2=" ">
    <marc:subfield code="c">[1552-1600]</marc:subfield>
    <marc:subfield code="8">01</marc:subfield>
  </marc:datafield>
  <marc:datafield tag="300" ind1=" " ind2=" ">
    <marc:subfield code="a">4 partbooks: 4 f.</marc:subfield>
    <marc:subfield code="8">01</marc:subfield>
  </marc:datafield>
  <marc:datafield tag="590" ind1=" " ind2=" ">
    <marc:subfield code="a">S, A, T, B</marc:subfield>
    <marc:subfield code="b">f. 183v, 186v, 167v, 181v</marc:subfield>
    <marc:subfield code="8">01</marc:subfield>
  </marc:datafield>
  <marc:datafield tag="593" ind1=" " ind2=" ">
    <marc:subfield code="a">Manuscript copy</marc:subfield>
    <marc:subfield code="8">01</marc:subfield>
  </marc:datafield>
  <marc:datafield tag="594" ind1=" " ind2=" ">
    <marc:subfield code="b">A</marc:subfield>
    <marc:subfield code="c">1</marc:subfield>
  </marc:datafield>
  <marc:datafield tag="594" ind1=" " ind2=" ">
    <marc:subfield code="b">T</marc:subfield>
    <marc:subfield code="c">2</marc:subfield>
  </marc:datafield>
  <marc:datafield tag="594" ind1=" " ind2=" ">
    <marc:subfield code="b">B</marc:subfield>
    <marc:subfield code="c">1</marc:subfield>
  </marc:datafield>
  <marc:datafield tag="594" ind1=" " ind2=" ">
    <marc:subfield code="a">A, T (2), B</marc:subfield>
  </marc:datafield>
  <marc:datafield tag="599" ind1=" " ind2=" ">
    <marc:subfield code="b">full</marc:subfield>
  </marc:datafield>
  <marc:datafield tag="650" ind1="0" ind2="7">
    <marc:subfield code="a">Communions</marc:subfield>
    <marc:subfield code="0">25151</marc:subfield>
  </marc:datafield>
  <marc:datafield tag="691" ind1=" " ind2="7">
    <marc:subfield code="a">Głuszcz-ZwolińskaW 1969</marc:subfield>
    <marc:subfield code="0">lit2815</marc:subfield>
  </marc:datafield>
  <marc:datafield tag="773" ind1="1" ind2="8">
    <marc:subfield code="a">- 61 Sacred songs</marc:subfield>
    <marc:subfield code="w">300257954</marc:subfield>
  </marc:datafield>
  <marc:datafield tag="852" ind1=" " ind2=" ">
    <marc:subfield code="a">PL-Kk</marc:subfield>
    <marc:subfield code="d">D 25</marc:subfield>
    <marc:subfield code="d">D 26</marc:subfield>
    <marc:subfield code="d">D 27</marc:subfield>
    <marc:subfield code="d">Ch.192</marc:subfield>
    <marc:subfield code="e">Archiwum i Biblioteka Krakowskiej Kapituły Katedralnej</marc:subfield>
    <marc:subfield code="x">ks30002080</marc:subfield>
    <marc:subfield code="c">Kk.I.1</marc:subfield>
    <marc:subfield code="p"/>
    <marc:subfield code="q"/>
    <marc:subfield code="u"/>
    <marc:subfield code="z"/>
  </marc:datafield>
  <marc:datafield tag="980" ind1=" " ind2=" ">
    <marc:subfield code="a">RISM</marc:subfield>
    <marc:subfield code="c">examined</marc:subfield>
  </marc:datafield>
</marc:record>
